% This file was created with JabRef 2.7b.
% Encoding: UTF-8

@BOOK{Ahuj:Magn:Orli:netw:1993,
  title = {Network Flows: Theory, Algorithms, and Applications},
  publisher = {Prentice-Hall},
  year = {1993},
  author = {Ahuja, R.K. and Magnanti, T.L. and Orlin, J.B},
  address = {New Jersey}
}

@BOOK{Biva:Pebe:Gome:appl:2008,
  title = {Applied Spatial Data Analysis with {R}},
  publisher = {Springer, NY},
  year = {2008},
  author = {Roger S. Bivand and Edzer J. Pebesma and Virgilio Gomez-Rubio},
  url = {http://www.asdar-book.org/}
}

@MISC{BOM:aust:2012,
  author = {{Bureau of Meteorology}},
  title = {Australian Hydrological Geospatial Fabric (Geofabric) Product Guide.},
  year = {2012},
  note = {available at},
  url = {http://www.bom.gov.au/water/geofabric/documentation.shtml}
}

@ARTICLE{Cres:Frey:Harc:Smit:spat:2006,
  author = {Cressie, Noel and Frey, Jesse and Harch, Bronwyn and Smith, Mick},
  title = {Spatial Prediction on a River Network},
  journal = {Journal of Agricultural, Biological, and Environmental Statistics},
  year = {2006},
  volume = {11},
  pages = {127--150},
  number = {2},
  cisid = {266500},
  keywords = {covariance-matching constrained kriging; dissolved oxygen; ordinary
	kriging; process-convolution model; river monitoring network; spatial
	moving average}
}

@TECHREPORT{ESRI:ArcG:2009,
  author = {ESRI},
  title = {ArcGIS Desktop: Release 9.3.1.},
  institution = {Environmental Systems Research Institute},
  year = {2009},
  address = {Redlands, CA}
}

@INPROCEEDINGS{Fish:GIS:2004,
  author = {Fischer, M. M.},
  title = {GIS and network analysis},
  booktitle = {Handbook of Transport Geography and Spatial Systems},
  year = {2004},
  pages = {391--408},
  address = {Amsterdam, The Netherlands},
  publisher = {Elsevier}
}

@MISC{GRAS:geog:2008,
  author = {{GRASS Development Team}},
  title = {Geographic Resources Analysis Support System (GRASS) Software},
  year = {2008},
  institution = {Open Source Geospatial Foundation Project},
  url = {http://grass.osgeo.org}
}

@BOOK{Hamm:Robi:pyth:2000,
  title = {Python Programming on Win32: Help for Windows Programmers},
  publisher = {O'Reilly Media, Inc},
  year = {2000},
  author = {Hammond, M. and Robinson, A},
  address = {Sebastopol}
}

@MISC{HSC:nati:2007,
  author = {{Horizon Systems Corporation}},
  title = {National Hydrography Dataset Plus: Documentation},
  year = {2007},
  note = {available at},
  url = {http://www.horizon-systems.com/NHDPlus/NHDPlusV2_documentation.php}
}

@ARTICLE{Jasi:Metz:new:2011,
  author = {Jasiewicz, J. and Metz, M.},
  title = {A new GRASS GIS toolkit for Hortonian analysis},
  journal = {Computers and Geosciences},
  year = {2011},
  volume = {37},
  pages = {1525--1531}
}

@ARTICLE{John:Host:rece:2010,
  author = {Johnson, L.B. and Host, G.E},
  title = {Recent developments in landscape approaches for the study of aquatic
	ecosystems},
  journal = {Journal of the North American Benthological Society},
  year = {2010},
  volume = {29},
  pages = {41--66},
  number = {1}
}

@MANUAL{McGa:Cush:Ene:FRAG:2012,
  title = {FRAGSTATS v4: Spatial Pattern Analysis Program for Categorical and
	Continuous Maps},
  author = {McGarigal, K. and Cushman, S. A. and Ene, E.},
  organization = {University of Massachusettes},
  address = {Amherst, MA},
  year = {2012},
  url = {http://www.umass.edu/landeco/research/fragstats/fragstats.html}
}

@BOOK{Nete:Mita:open:2008,
  title = {Open Source GIS: A GRASS GIS Approach, 3rd Edition},
  publisher = {Springer},
  year = {2008},
  author = {Neteler, M. and Mitasova, H.},
  number = {773},
  pages = {406},
  series = {The International Series in Engineering and Computer Science},
  address = {New York}
}

@MISC{Pete:STAR:2011,
  author = {Peterson, Erin E.},
  title = {STARS: Spatial Tools for the Analysis of River Systems - A tutorial},
  howpublished = {Commonwealth Scientific Industrial Research Organisation (CSIRO),
	Technical Report EP111313. March 28, 2011. 42 p.},
  year = {2011},
  url = {http://www.fs.fed.us/rm/boise/AWAE/projects/SSN_STARS/software_data.html#doc}
}

@ARTICLE{Pete:Ver:mixe:2010,
  author = {Peterson, E. E. and Ver Hoef, J. M.},
  title = {A mixed-model moving-average approach to geostatistical modeling
	in stream networks},
  journal = {Ecology},
  year = {2010},
  volume = {93},
  pages = {644--651},
  number = {3}
}

@MANUAL{R:Deve:Core:ALan:2010,
  title = {R: A Language and Environment for Statistical Computing},
  author = {{R Development Core Team}},
  organization = {R Foundation for Statistical Computing},
  address = {Vienna, Austria},
  year = {2010},
  note = {{ISBN} 3-900051-07-0},
  url = {http://www.R-project.org}
}

@ARTICLE{Rath:Wohl:one:2001,
  author = {Rathburn, S. L. and Wohl, E.E.},
  title = {One-dimensional sediment transport modeling of pool recovery along
	a mountain channel after a reservoir sediment release},
  journal = {Regulated Rivers: Research and Management},
  year = {2001},
  volume = {17},
  pages = {251--273}
}

@ARTICLE{Shre:stat:1966,
  author = {Shreve, R. L.},
  title = {Statistical law of stream numbers},
  journal = {Journal of Geology},
  year = {1966},
  volume = {74},
  pages = {17--37}
}

@MISC{Stei:Hutc:Stei:nati:2012,
  author = {Stein, J. L. and Hutchinson, M. F. and Stein, J. A.},
  title = {National Catchment and Stream Attributes Database version 1.1.5.},
  year = {2012},
  note = {available at},
  url = {http://www.ga.gov.au/topographic-mapping/national-surface-water-information.html}
}

@INPROCEEDINGS{Theo:Norm:Pete:Ferr:func:2005,
  author = {Theobald, D.M. and Norman, J. and Peterson, E. E. and Ferraz, S.},
  title = {Functional Linkage of Watersheds and Streams (FLoWs): {N}etwork-based
	ArcGIS Tools to Analyze Freshwater Ecosystems},
  booktitle = {Proceedings of the Second Annual International Symposium on GIS Spatial
	Analyses in Fishery and Aquatic Sciences},
  year = {2005},
  address = {Redlands, California},
  publisher = {ESRI Press}
}

@MANUAL{Theo:Norm:Pete:Ferr:Wade:func:2006,
  title = {Functional Linkage of Waterbasins and Streams (FLoWs) v1 User's Guide:
	{A}rc{G}{I}{S} Tools to Analyze Freshwater Ecosystems},
  author = {Theobald, D.M. and Norman, J. and Peterson, E. E. and Ferraz, S.
	and Wade, A. and Sherburne, M. R.},
  organization = {Natural Resource Ecology Lab, Colorado State University},
  address = {Fort Collins, Colorado},
  year = {2006}
}

@MISC{USGS:attr:2010,
  author = {{United States Geological Survey}},
  title = {Attributes for NHDPlus Catchments (Version 1.1) for the Conterminous
	United States (DS-490)},
  year = {2010},
  note = {USGS National Water-Quality Assessment (NAWQA) Program. Available
	at},
  url = {http://www.bom.gov.au/water/geofabric/documentation.shtml}
}

@ARTICLE{Ver:Pete:Move:2010,
  author = {Ver Hoef, J. M. and Peterson, E.},
  title = {A Moving Average Approach for Spatial Statistical Models of Stream
	Networks (with discussion)},
  journal = {Journal of the American Statistical Association},
  year = {2010},
  volume = {105},
  pages = {6--18},
  date-modified = {2009-01-14 11:43:31 +0100},
  doi = {10.1198/jasa.2009.ap08248; Rejoinder pgs. 22 - 24}
}

@ARTICLE{Ver:Pete:Clif:Shah:SSN:2012,
  author = {Ver Hoef, J. M. and Peterson, E.E. and Clifford, D. and Shah, R.},
  title = {SSN: An R Package for Spatial Statistical Modeling on Stream Networks},
  journal = {submitted to Journal of Statistical Software},
  year = {in review}
}

@ARTICLE{Ver:Pete:Theo:spat:2006,
  author = {Ver Hoef, Jay M. and Peterson, Erin E. and Theobald, David},
  title = {Spatial Statistical Models That Use Flow and Stream Distance},
  journal = {Environmental and Ecological Statistics},
  year = {2006},
  volume = {13},
  pages = {449--464},
  number = {1},
  cisid = {270708}
}

@BOOK{Maid:ArcH:2002,
  title = {Arc Hydro: GIS for Water Resources},
  year = {2002},
  editor = {Maidment, D.R.},
  address = {Redlands, CA},
  institution = {Environmental Systems Research Institute}
}

@comment{jabref-meta: selector_publisher:}

@comment{jabref-meta: selector_author:}

@comment{jabref-meta: selector_journal:}

@comment{jabref-meta: selector_keywords:}

